@article{deuber2022sok,
  title={SoK: Assumptions Underlying Cryptocurrency Deanonymizations},
  author={Deuber, Dominic and Ronge, Viktoria and R{\"u}ckert, Christian},
  journal={Proceedings on Privacy Enhancing Technologies},
  volume={3},
  pages={670--691},
  year={2022}
}